@misc{glite,
	title= { {gLite} - Lightweight Middleware for Grid Computing },
	note = {\url{http://glite.cern.ch/}}
}

@article{moteur,
    title = {{Flexible and efficient workflow deployement of data-intensive applications on grids with MOTEUR}},
    author = {Glatard, Tristan and Montagnat, Johan and Lingrand, Diane and Pennec, Xavier},
    pages = {347-360},
    journal = {International Journal of High Performance Computing Applications},
    volume = {22},
    number = {3 },
    year = {2008},
    month = Aug,
}

@misc{grid5000web,
	title= { Grid'5000 website },
	note = {\url{https://www.grid5000.fr/}}
}

@inproceedings{grid5000,
    title = {{Grid'5000: a large scale, reconfigurable, controlable and monitorable Grid platform}},
    author = {Cappello, Franck and Desprez, Fr{\'e}d{\'e}ric and Dayde, Michel and Jeannot, Emmanuel and J{\'e}gou, Yvon and Lanteri, Stephane and Melab, Nouredine and Namyst, Raymond and Primet, Pascale and Richard, Olivier and Caron, Eddy and Leduc, Julien and Mornet, Guillaume},
    booktitle = {{6th IEEE/ACM International Workshop on Grid Computing - GRID 2005}},
    address = {Seattle, USA},
    note = {Grid 2005 held in conjunction with SC'05},
    year = {2005},
    month = Nov,
}


